<?xml version="1.0" encoding="UTF-8"?><collection xmlns="http://www.loc.gov/MARC21/slim"><record><leader>00522nam--2200169-i-4500</leader><controlfield tag="001">000047693</controlfield><controlfield tag="002">20161230</controlfield><controlfield tag="005">20161230201046</controlfield><controlfield tag="008">060222s1000------------r-----000-0-eng-d</controlfield><datafield ind1=" " ind2=" " tag="040"><subfield code="a">IFIN-HH</subfield></datafield><datafield ind1=" " ind2=" " tag="080"><subfield code="a">539.2.001:539.12.04.001</subfield></datafield><datafield ind1="1" ind2=" " tag="100"><subfield code="a">Wilson, William Dennis</subfield></datafield><datafield ind1="1" ind2="0" tag="245"><subfield code="a">A theoretical investigation of substitutional li+ in kcl</subfield><subfield code="b">Dissertation</subfield><subfield code="c">William dennis wilson</subfield></datafield><datafield ind1=" " ind2=" " tag="260"><subfield code="a">Ann Arbor, Michigan</subfield><subfield code="b">University Microfilms Inc</subfield><subfield code="c">1967</subfield></datafield><datafield ind1=" " ind2=" " tag="300"><subfield code="a">71P</subfield></datafield><datafield ind1=" " ind2=" " tag="852"><subfield code="a">32379</subfield><subfield code="c">539.12.04</subfield></datafield><datafield ind1=" " ind2=" " tag="CAT"><subfield code="a">Sys</subfield><subfield code="c">20120206</subfield><subfield code="h">171050</subfield></datafield></record></collection>